@misc{ wiki:pdd,
   author = "{Wikipedia contributors}",
   title = "Distance-bounding protocol --- {W}ikipedia{,} The Free Encyclopedia",
   year = "2019",
   url = "https://fr.wikipedia.org/wiki/Distance-bounding_protocol",
   note = "[Online; accessed November 2019]"
}

@inproceedings{DB1,
    author = {Brands, Stefan and Chaum, David},
    title = {Distance-bounding Protocols},
    booktitle = {Workshop on the Theory and Application of Cryptographic Techniques on Advances in Cryptology},
    series = {EUROCRYPT '93},
    year = {1994},
    isbn = {3-540-57600-2},
    location = {Lofthus, Norway},
    pages = {344--359},
    numpages = {16},
    url = {http://dl.acm.org/citation.cfm?id=188307.188361},
    acmid = {188361},
    publisher = {Springer-Verlag},
    address = {Berlin, Heidelberg},
}

@article{attack,
    author = {Avoine, Gildas and Bingöl, Muhammed and Kardaş, Süleyman and Lauradoux, Cédric and Martin, Benjamin},
    year = {2009},
    month = {01},
    pages = {543},
    title = {A Formal Framework for Cryptanalyzing RFID Distance Bounding Protocols.},
    volume = {2009},
    journal = {IACR Cryptology ePrint Archive}
}

@INPROCEEDINGS{SwissKnife,
    author = {Chong Hee Kim and Gildas Avoine},
    title = {The Swiss-Knife RFID Distance Bounding Protocol},
    booktitle = {In ICISC},
    year = {2008},
    pages = {98--115},
    publisher = {Springer}
}

